% Encoding: UTF-8

@Article{SabiEtAl2016,
  author       = {Sabi, Humphrey M. and Uzoka, Faith-Michael E. and Langmia, Kehbuma and Njeh, Felix M.},
  title        = {Conceptualizing a model for adoption of cloud computing in education},
  journaltitle = {International Journal of Information Management},
  year         = {2016},
  volume       = {36},
  number       = {2},
  pages        = {183--191},
  doi          = {10.1016/j.ijinfomgt.2015.11.010},
  url          = {http://www.sciencedirect.com/science/article/pii/S0268401215001115},
}

@Online{LewisFowler2014,
  author    = {Lewis, James and Fowler, Martin},
  title     = {Microservices: a definition of this new architectural term},
  date      = {2014-03-25},
  url       = {http://martinfowler.com/articles/microservices.html},
  urldate   = {2016-09-01},
}

@Online{Hykes2013,
  author    = {Solomon Hykes},
  title     = {The future of Linux Containers (PyCon 2013)},
  date      = {2013-03-21},
  url       = {https://www.youtube.com/watch?v=wW9CAH9nSLs},
  urldate   = {2016-09-01},
}

@Article{jaouhari2023we,
  author    = {Jaouhari, Asmae El and Arif, Jabir and Samadhiya, Ashutosh and Kumar, Anil and Trink{\=u}nas, Vaidotas},
  title     = {Are we there or do we have more to do? Metaverse in facility management and future prospects},
  number    = {3},
  pages     = {159--175},
  volume    = {27},
  file      = {:19516-Article Text-78846-2-10-20230801.pdf:PDF},
  journal   = {International Journal of Strategic Property Management},
  publisher = {Vilnius Gediminas Technical University},
  year      = {2023},
}

@Article{Markogiannaki2023,
  author       = {Olga Markogiannaki and Sotiria Stefanidou and Michail-Alexandros Kourtis and Andreas Oikonomakis and Dimitris Santorinaios and Georgios Xilouris},
  date         = {2023-11},
  journaltitle = {Preprints},
  title        = {A Survey on Smart Buildings Integration with 5G and Cloud Technologies towards Energy Efficiency},
  doi          = {10.20944/preprints202311.1553.v1},
  url          = {https://doi.org/10.20944/preprints202311.1553.v1},
  file         = {:preprints202311.1553.v1.pdf:PDF},
  publisher    = {Preprints},
}

@Article{degambur2021resource,
  author    = {Degambur, Lavanya-Nehan and Mungur, Avinash and Armoogum, Sheeba and Pudaruth, Sameerchand},
  title     = {Resource allocation in 4G and 5G networks: A review},
  number    = {3},
  pages     = {401--408},
  volume    = {13},
  file      = {:Resource-Allocation-in-4G-and-5G-Networks-A-Review.pdf:PDF},
  journal   = {International Journal of Communication Networks and Information Security},
  publisher = {Kohat University of Science and Technology (KUST)},
  year      = {2021},
}

@Article{mihret20214g,
  author  = {Mihret, Estifanos and Haile, Getamesay},
  title   = {4G, 5G, 6G, 7G and Future Mobile Technologies},
  number  = {2},
  pages   = {75},
  volume  = {9},
  file    = {:4g-5g-6g-7g-and-future-mobile-technologies.pdf:PDF},
  journal = {J Comp Sci Info Technol},
  year    = {2021},
}

@Article{eswaran2023private,
  author    = {Eswaran, Sivaraman and Honnavalli, Prasad},
  title     = {Private 5G networks: a survey on enabling technologies, deployment models, use cases and research directions},
  number    = {1},
  pages     = {3--26},
  volume    = {82},
  file      = {:s11235-022-00978-z.pdf:PDF},
  journal   = {Telecommunication Systems},
  publisher = {Springer},
  year      = {2023},
}

@Comment{jabref-meta: databaseType:biblatex;}
